
@MISC{groundfish,
    AUTHOR = {Government of Canada},
    HOWPUBLISHED = "\url{https://open.canada.ca/data/en/dataset/1989de32-bc5d-c696-879c-54d422438e64}",
    TITLE = "NAFO Division 4T groundfish research vessel trawl survey (September Survey) dataset",
    YEAR = "2024",
    NOTE = "Accessed on 2024-04-13"
}

@MISC{pandas,
    HOWPUBLISHED = "\url{https://pandas.pydata.org/pandas-docs/stable/index.html}",
    AUTHOR = "NumFOCUS",
    TITLE = "pandas",
    YEAR = "2023",
    NOTE = "Accessed on 2023-12-11"
}
